@manual{rfc791,
	author    		= "{J Postel}",
	title	 		= "RFC 791: Internet Protocol",
	organization 	= "Information Sciences Institute",
	address   		= "University of Southern California",
	note    		= "http://www.ietf.org/rfc/rfc791",
	year			= 1981}

@manual{rfc793,
	author		    = "{J Postel}",
	title	 		= "RFC 791: Transmission Control Protocol",
	organization 	= "Information Sciences Institute",
	address   		= "University of Southern California",
	note     		= "http://www.ietf.org/rfc/rfc793",
	year			= 1981}

@manual{rfc4987,
	author			= "{W. Eddy}",
	title	 		= "RFC 4987: TCP SYN Flooding Attacks and Common Mitigations",
	organization 	= "The IETF Trust",
	note      		= "https://tools.ietf.org/html/rfc4987",
	year	 		= 2007}

@manual{rfc919,
	author			= "{JC Mogul}",
	title			= "RFC 919: Broadcasting Internet Datagrams",
	organization	= "The IETF Trust",
	note      		= "https://tools.ietf.org/html/rfc919",
	year 			= 1984}

@manual{rfc2827,
	author			= "{P. Ferguson}",
	title			= "Network Ingress Filtering: Defeating Denial of Service Attacks which employ IP Source Address Spoofing",
	organization	= "The IETF Trust",
	note      		= "https://tools.ietf.org/html/rfc2827",
	year 			= 2000}

@manual{rfc6864,
	author			= "{J. Touch}",
	title			= "Updated Specification of the IPv4 ID Field",
	organization	= "The IETF Trust",
	note      		= "https://tools.ietf.org/html/rfc6864",
	year 			= 2013}

@manual{rfc1918,
	author			= "{Y. Rekhter}",
	title			= "Address Allocation for Private Internets",
	organization	= "The IETF Trust",
	note      		= "https://www.ietf.org/rfc/rfc1918.txt",
	year 			= 1996}

@manual{judy,
	author			= "{Doug Baskins}",
	title			= "Judy",
	note      		= "http://judy.sourceforge.net",
	year 			= 2001}

@manual{judy256,
	author			= "{Debian}",
	title			= "Package: libjudy-dev (1.0.5-1)",
	note      		= "https://packages.debian.org/wheezy/libjudy-dev"}

@article{USCERT,
	author			= "{US CERT}",
	title			= "UDP-based amplification attacks",
	journal			= "Alert (TA14-017A)",
	year 			= 2014}

@article{traceback,
	author			= "{S. Savage, D. Wetherall, A. Karlin, T. Anderson}",
	title			= "Practical Network Support for IP Traceback",
	journal			= "Proceedings of the conference on Applications, Technologies, Architectures, and Protocols for Computer Communication",
	year 			= 2014
}


@article{spoofProblemStatement,
	author = {Wu, J.},
	title = {Source Address Verification Architecture Problem Statement},
	journal = {The IETF Trust},
	year = {2007}
}

@article{ipSpoofIntro ,
	author = {Matthew Tanase},
	title = {IP Spoofing: An Introduction},
	journal = {Symantec},
	year = {2003}
}

@article{ipSpoofing,
	author = {Farha Ali},
	title = {IP Spoofing},
	journal = {Cisco},
	year = {2007}
}

@article{tcphijacking,
	author = {Alexander Prohorenko},
	title = {TCP Hijacking},
	journal = {TechRepublic},
	year = {2000}
}

@article{smurf,
	author = {Carnegie Mellon University},
	title = {Smurf IP Denial-of-Service Attacks},
	journal = {Cert},
	year = {1998}
}

@manual{hping,
	title		= "Hping",
	author		= "Salvatore Sanfilippo ",
	address		= "http://www.hping.org/"
	year 		= "2006"
}

@manual{ipsourceguard,
	title		= "Cisco IP Version 4 Source Guard",
	author		= "F. Baker",
	address		= "https://tools.ietf.org/html/draft-baker-sava-cisco-ip-source-guard-00"
	year 		= "2007"
}

@manual{ipsourceguard,
	title		= "Cisco IP Version 4 Source Guard",
	author		= "F. Baker",
	address		= "https://tools.ietf.org/html/draft-baker-sava-cisco-ip-source-guard-00"
	year 		= "2007"
}

@manual{netfilter,
	title		= "netfilter",
	author		= "Rusty Russel",
	address		= "http://www.netfilter.org/"
	year 		= "1998"
}

@manual{iptables,
	title		= "iptables",
	author		= "Rusty Russel",
	address		= "http://www.netfilter.org/ projects/iptables/index.html"
	year 		= "1998"
}

@manual{eliminating,
	title		= "IPv4/IPv6 Source Address Verification",
	author		= "F. Baker",
	address		= "https://tools.ietf.org/html/draft-baker-sava-operational-00"
	year 		= "2007"
}

@manual{workqueue,
	title		= "workqueue - generic async execution with shared worker pool",
	author		= "Ingo Molnar",
	address		= "https://github.com/torvalds/linux/blob/master/kernel/workqueue.c"
	year 		= "2002"
}

@manual{sqlite,
	title		= "SQLite",
	author		= "D. Richard Hipp",
	address		= "https://www.sqlite.org/"
	year 		= "2000"
}

@manual{proc,
	title		= "Linux Filesystem Hierarchy - 1.14 proc",
	author		= "tldp",
	address		= "http://www.tldp.org/LDP/Linux-Filesystem-Hierarchy/html/proc.html"
	year 		= "2003"
}

@article{dsp,
	title		= "Detecting Spoofed Packets",
	author		= "Steven J. Templeton, Karl E. Levitt",
	year 		= "2003"
}

@article{kfold,
	title		= "A study of cross-validation and bootstrap for accuracy estimation and model selection",
	author		= "Ron Kohavi",
	journal		= "Proceedings of the Fourteenth International Joint Conference on Artificial Intelligence",
	year 		= "1995"
}

@book{naive,
	title		= "Artificial Intelligence: A Modern Approach (2nd ed.)",
	author		= "Stuart Russell; Peter Norvig",
	publisher	= "Prentice Hall",
	year 		= "1994"
}
